@incollection{Stevens72,
  address   = {New York},
  author    = {Stevens, K. N.},
  booktitle = {Human Communication: A Unified View},
  editor    = {David, E. E. and Denes, P. B.},
  pages     = {51-56},
  publisher = {McGraw-Hill},
  title     = {The Quantal Nature of Speech: Evidence from Articulatory-Acoustic Data},
  year      = {1972}
}

@book{ChUGAI,
    author    = {V. J. Cook and Mark Newson},
    title     = {Chomsky's Universal Grammar: An Introduction},
    publisher = {Blackwell Publishing},
    year      = {2007},
    edition   = {3},
}

@book{Lang14,
  title={Toki Pona: The Language of Good},
  author={Lang, S.},
  isbn={9780978292300},
  lccn={2003461627},
  url={https://books.google.ch/books?id=5P0ZjwEACAAJ},
  year={2014},
  publisher={Great Britain}
}

@book{Bibel2020,
  address = {Stuttgart},
  booktitle = {Einheitsübersetzung der Heiligen Schrift : Gesamtausgabe},
  isbn = {9783460440005},
  publisher = {kbw Bibelwerk},
  author = {Bibel},
  title = {Einheitsübersetzung der Heiligen Schrift : Gesamtausgabe},
  year = {2020},
  keywords = {Bibel Einheitsübersetzung},
  language = {ger},
}