@incollection{Stevens72,
  address   = {New York},
  author    = {Stevens, K. N.},
  booktitle = {Human Communication: A Unified View},
  editor    = {David, E. E. and Denes, P. B.},
  pages     = {51-56},
  publisher = {McGraw-Hill},
  title     = {The Quantal Nature of Speech: Evidence from Articulatory-Acoustic Data},
  year      = {1972}
}